
@article{thomaskun08,
    author =       "DESBOIS Sophie",
    title =        "La Structure des révolutions scientifiques, de Thomas Kuhn, Auxerre, Éditions Sciences Humaines, Petite bibliothèque",
    journal =      "Thomas Lepeltier éd., Histoire et philosophie des sciences",
    pages =        "163-163",
    year =         "2013",
    DOI =          "10.3917/sh.lepel.2013.01.0163",
}

@article{malherbe1,
    author =       "Malherbe, Jean-François",
    title =        "Thomas S. Kuhn, La structure des révolutions scientif",
    journal =      "https://www.persee.fr/",
    volume =       "322",
    number =       "10",
    pages =        "891--921",
    year =         "1905",
    DOI =          "http://dx.doi.org/10.1002/andp.19053221004",
}

@misc{malherbe,
auteur = {Malherbe, Jean-François},
title = {{Thomas S. Kuhn, La structure des révolutions scientifiques}},
url = {https://www.persee.fr/doc/phlou_0035-3841_1974_num_72_15_5809_t1_0634_0000_2},
}

@misc{vinhky,
    author =       "Pétrus Jean Baptiste Truong Vinh Ky",
    title = {{Petit cours de géographie de la Basse-Cochinchine}},
    url = {https://gallica.bnf.fr/ark:/12148/bpt6k58365329/f10.item},
}


@article{blei2003latent,
    added-at = {2012-11-12T15:36:34.000+0100},
    author = {Blei, D.M. and Ng, A.Y. and Jordan, M.I.},
    biburl = {https://www.bibsonomy.org/bibtex/20273a1783ca706c2a113229e251c9282/alexsgz},
    interhash = {9d1b808272b9e511425cbf557571e59a},
    intrahash = {0273a1783ca706c2a113229e251c9282},
    journal = {the Journal of machine Learning research},
    keywords = {hidden information lda leakage networks seminar social ws2012},
    pages = {993--1022},
    publisher = {JMLR. org},
    timestamp = {2012-11-12T15:37:16.000+0100},
    title = {Latent dirichlet allocation},
    volume = 3,
    year = 2003
}

@misc{Ddangelov, 
    title={DDANGELOV/Top2Vec: Top2vec learns jointly embedded topic, document and word vectors.}, 
    url={https://github.com/ddangelov/Top2Vec}, 
    journal={GitHub}, 
    author={Ddangelov}
} 

@ARTICLE{10.4108/eai.13-7-2018.159623,
    author={Pooja  Kherwa and Poonam Bansal},
    title={Topic Modeling: A Comprehensive Review},
    journal={EAI Endorsed Transactions on Scalable Information Systems},
    volume={7},
    number={24},
    publisher={EAI},
    journal_a={SIS},
    year={2019},
    month={7},
    keywords={Topic Modeling, Latent Dirichlet Allocation, Latent Semantic Analysis, Inference, Dimension reduction},
    doi={10.4108/eai.13-7-2018.159623}
}

@inproceedings{NIPS2009_f92586a2,
 author = {Chang, Jonathan and Gerrish, Sean and Wang, Chong and Boyd-graber, Jordan and Blei, David},
 booktitle = {Advances in Neural Information Processing Systems},
 editor = {Y. Bengio and D. Schuurmans and J. Lafferty and C. Williams and A. Culotta},
 pages = {},
 publisher = {Curran Associates, Inc.},
 title = {Reading Tea Leaves: How Humans Interpret Topic Models},
 url = {https://proceedings.neurips.cc/paper_files/paper/2009/file/f92586a25bb3145facd64ab20fd554ff-Paper.pdf},
 volume = {22},
 year = {2009}
}


@article{DBLP:journals/corr/MikolovSCCD13,
  author       = {Tom{\'{a}}s Mikolov and
                  Ilya Sutskever and
                  Kai Chen and
                  Greg Corrado and
                  Jeffrey Dean},
  title        = {Distributed Representations of Words and Phrases and their Compositionality},
  journal      = {CoRR},
  volume       = {abs/1310.4546},
  year         = {2013},
  url          = {http://arxiv.org/abs/1310.4546},
  eprinttype    = {arXiv},
  eprint       = {1310.4546},
  timestamp    = {Mon, 28 Dec 2020 11:31:02 +0100},
  biburl       = {https://dblp.org/rec/journals/corr/MikolovSCCD13.bib},
  bibsource    = {dblp computer science bibliography, https://dblp.org}
}

@article{angelov2020top2vec,
      title={Top2Vec: Distributed Representations of Topics}, 
      author={Dimo Angelov},
      year={2020},
      eprint={2008.09470},
      archivePrefix={arXiv},
      primaryClass={cs.CL}
}

@article{DBLP:journals/corr/abs-2008-09470,
  author       = {Dimo Angelov},
  title        = {Top2Vec: Distributed Representations of Topics},
  journal      = {CoRR},
  volume       = {abs/2008.09470},
  year         = {2020},
  url          = {https://arxiv.org/abs/2008.09470},
  eprinttype    = {arXiv},
  eprint       = {2008.09470},
  timestamp    = {Fri, 28 Aug 2020 12:11:44 +0200},
  biburl       = {https://dblp.org/rec/journals/corr/abs-2008-09470.bib},
  bibsource    = {dblp computer science bibliography, https://dblp.org}
}

@article{0fdd9120-1aed-3ad7-b22b-b5a944d85192,
 ISSN = {11553219, 17762944},
 URL = {http://www.jstor.org/stable/26202796},
 abstract = {L'histoire coloniale constitue un angle mort de l'historiographie française. Cette histoire au contenu flou, largement discréditée, a pourtant produit un savoir qui, en certains domaines, a pu servir à l'histoire de l'Afrique écrite après les indépendances. Cet article étudie l'émergence de ce sous-champ disciplinaire directement soutenu par les milieux coloniaux. Il analyse sa laborieuse affirmation (1880-1930) – tant sur le plan strictement scientifique qu'institutionnel – au sein de l'Université française. Colonial history constitutes a blind spot in French historiography. This history, with its vague, largely discredited content, nevertheless produced knowledge which, in some areas, was useful in writing the history of Africa after the colonies became independent. This article examines how this sub-field within the discipline emerged, directly supported by colonial circles. It analyses its laborious establishment within the French University (1880-1930) both from a strictly scientific as well as an institutional standpoint.},
 author = {Sophie Dulucq and Colette Zytnicki},
 journal = {Genèses},
 number = {51},
 pages = {114--127},
 publisher = {Editions Belin},
 title = {Une histoire en marge: L'histoire coloniale en France (années 1880-années 1930)},
 urldate = {2023-09-10},
 year = {2003}
}

@inproceedings{Dulucq2003UneHE,
  title={Une histoire en marge : L'histoire coloniale en France (ann{\'e}es 1880-ann{\'e}es 1930)},
  author={Sophie Dulucq and Colette Zytnicki},
  year={2003},
  url={https://api.semanticscholar.org/CorpusID:192125662}
}

@article{good34,
author = {Laurence Engel et Kieu Thuy Nga},
 ISSN = {},
 URL = {https://heritage.bnf.fr/france-vietnam/fr/mot-presidentes},
 journal = {Bibliothèque Nationale de France},
 number = {},
 pages = {},
 publisher = {Egmont Institute},
 title = {Les mots des présidents},
 urldate = {2023-02-10},
 volume = {},
 year = {2021}
}https://heritage.bnf.fr/france-vietnam/fr/mot-presidentes

@article{marge05,
 ISSN = {11553219, 17762944},
 URL = {http://www.jstor.org/stable/26202796},
 abstract = {L'histoire coloniale constitue un angle mort de l'historiographie française. Cette histoire au contenu flou, largement discréditée, a pourtant produit un savoir qui, en certains domaines, a pu servir à l'histoire de l'Afrique écrite après les indépendances. Cet article étudie l'émergence de ce sous-champ disciplinaire directement soutenu par les milieux coloniaux. Il analyse sa laborieuse affirmation (1880-1930) – tant sur le plan strictement scientifique qu'institutionnel – au sein de l'Université française. Colonial history constitutes a blind spot in French historiography. This history, with its vague, largely discredited content, nevertheless produced knowledge which, in some areas, was useful in writing the history of Africa after the colonies became independent. This article examines how this sub-field within the discipline emerged, directly supported by colonial circles. It analyses its laborious establishment within the French University (1880-1930) both from a strictly scientific as well as an institutional standpoint.},
 author = {Sophie Dulucq and Colette Zytnicki},
 journal = {Genèses},
 number = {51},
 pages = {114--127},
 publisher = {Editions Belin},
 title = {Une histoire en marge: L'histoire coloniale en France (années 1880-années 1930)},
 urldate = {2023-07-10},
 year = {2003}
}

@article{Annales06,
	title = {La catégorie « études coloniales » est-elle indispensable ? },
	url = {URL : https://www.cairn.info/revue-annales-2008-3-page-625.htm},
    page = {p. 625-646},
	abstract = {Andrew Piper and Eva Portelance},
	journaltitle = {Annales. Histoire, Sciences Sociales},
	author = {SCHAUB Jean-Frédéric},
	urldate = {2022-04-26},
	date = {2008-03},
	langid = {french},
}

@article{5793df98-f438-358f-bad3-0fd6635f85e2,
 ISSN = {00096059},
 URL = {http://www.jstor.org/stable/44827831},
 journal = {Chronique de politique étrangère},
 number = {4},
 pages = {470--505},
 publisher = {Egmont Institute},
 title = {ETUDE SUR L'UNION INDOCHINOISE},
 urldate = {2023-09-10},
 volume = {9},
 year = {1956}
}

@article{Egmont07,
 ISSN = {00096059},
 URL = {http://www.jstor.org/stable/44827831},
 journal = {Chronique de politique étrangère},
 number = {4},
 pages = {470--505},
 publisher = {Egmont Institute},
 title = {Documemt française. L’émigration chinoise dans le sud-est asiatique – 21 Juin 1955, n° 2035, cité dans ETUDE SUR L'UNION INDOCHINOISE},
 urldate = {2023-09-10},
 volume = {9},
 year = {1956}
}

 / 
@book{paris_2016,
	location = {},
	title = {L'Indochine française: un siècle de vie commune, 1858-1954},
	isbn = {979-10-210-4340-4},
	series = {},
    pages = {Annex},
	publisher = {Paris Tallandier},
	author = {Pierre Montagnon},
	date = {2016},
}

@article{articleMikolovW2V,
    author = {Mikolov, Tomas and Chen, Kai and Corrado, G.s and Dean, Jeffrey},
    year = {2013},
    month = {01},
    title = {Efficient Estimation of Word Representations in Vector Space},
    volume = {2013},
    journal = {Proceedings of Workshop at ICLR}
}

@inproceedings{inproceedingsWord2vec,
    author = {Al-Saqqa, Samar and Awajan, Arafat},
    year = {2019},
    month = {12},
    pages = {},
    title = {The Use of Word2vec Model in Sentiment Analysis: A Survey},
    doi = {10.1145/3388218.3388229}
}
@book{nguyenvanky,}
	location = {},
	title = {La société vietnamienne face à la modernité. Le Tonkin de la fin du XIXe sciècle à la seconde guerre mondiale},
	isbn = {2-7384-3203-4},
    pages = {71},
	publisher = {L'Harmattan},
	author = {Van Ky Nguyen},
	date = {1995},
@article{04,
	title = {La science importée},
	volume = {},
    location = {Aix-en-Provence : Presses universitaires de Provence},
	issn = {},
	url = {http://books.openedition.org/pup/22094},
	doi = {},
	shorttitle = {},
	abstract = {Grâce à une combinaison de conditions issues à la fois de la structure du champ orientaliste, du fonctionnement de l’EFEO, ainsi qu’à la capacité de Vietnamiens à se former aux méthodes de recherche occidentales, dans les années 1930 s’amorce le processus de la « conquête » vietnamienne des sciences de l’homme et de la société. Au sein de l’EFEO, les Vietnamiens sont acceptés dans le cadre du personnel scientifique en tant qu’assistants à partir de 1929, puis en tant que chercheurs à partir de 1939.},
	pages = {16-54},
	number = {},
	journaltitle = {À l’origine de l’anthropologie au Vietnam : Recherche sur les auteurs de la première moitié du XXe siècle},
	shortjournal = {},
	author = {Nguyen, Phuong Ngoc},
	urldate = {2022-11-09},
	date = {},
	langid = {french},
}
@article{canada,
	title = {Sciences sociales},
	volume = {77},
	issn = {0026-7929, 1527-1943},
	url = {www.thecanadianencyclopedia.ca/fr/article/sciences-sociales},
	page = {p. 625-646},
	shorttitle = {Shifting Scales},
	pages = {277--295},
	number = {3},
	journaltitle = {l'Encyclopédie Canadienne},
	shortjournal = {Historica Canada},
	author = {Vallee, Frank G.},
	urldate = {2022-04-26},
	date = {2013-09},
	langid = {french},
	file = {},
}

@incollection{fjkb,
    title = {Science, History of},
    editor = {James D. Wright},
    booktitle = {International Encyclopedia of the Social & Behavioral Sciences (Second Edition)},
    publisher = {Elsevier},
    edition = {Second Edition},
    address = {Oxford},
    pages = {241-247},
    year = {2015},
    isbn = {978-0-08-097087-5},
    doi = {https://doi.org/10.1016/B978-0-08-097086-8.62116-5},
    url = {https://www.sciencedirect.com/science/article/pii/B9780080970868621165},
    author = {Lorraine Daston},
    keywords = {Enlightenment, History, History of science, Knowledge, Modernization, Practices, Progress, Science, Scientific revolution},
    abstract = {The history of science is a small discipline with a large and expanding subject matter: not only the history of the modern natural and human sciences but also premodern and non-Western traditions of knowledge and learning. Because it lies at the intersection of the humanities and the natural human sciences, it has been and remains a locus of interdisciplinary research.}
}

@incollection{kjk,
    title = {Transfer of Learning},
    editor = {Charles D. Spielberger},
    booktitle = {Encyclopedia of Applied Psychology},
    publisher = {Elsevier},
    address = {New York},
    pages = {575-586},
    year = {2004},
    isbn = {978-0-12-657410-4},
    doi = {https://doi.org/10.1016/B0-12-657410-3/00834-5},
    url = {https://www.sciencedirect.com/science/article/pii/B0126574103008345},
    author = {Robert E. Haskell}
}
@article{daston,
	author = {Daston, Lorraine},
	journal = {Critical Inquiry},
	month = {1},
	number = {4},
	pages = {798--813},
	publisher = {University of Chicago Press},
	title = {Science studies and the history of science},
	volume = {35},
	year = {2009},
	doi = {10.1086/599584},
	url = {https://doi.org/10.1086/599584},
}
(The history of science is an ancient pursuit, but a relatively young discipline)

@article{911,
    author = {},
    ISSN = {},
    URL = {https://www.scientowiki.com/George_Sarton},
    journal = {Encyclopedia of Scientonomy},
}
Sarton, George - Persée. www.persee.fr/authority/76401.

@article{cadao,
    author = {chef du Bureau des Interprètes, M. Boscq},
    ISSN = {},
    URL = {https://www.scientowiki.com/George_Sarton},
    journal = {Bulletin de la sociétés des études Indo-chinoises de Saigon},
    number = {2 fascicule},
    pages = {},
    publisher = {},
    title = {Chantes populaires et proverbes annamites},
    urldate = {},
    volume = {},
    year = {Année 1896}
}
Sarton, George - Persée. www.persee.fr/authority/76401.
Titre : La littérature orale et populaire du Viet-Nam / Vo Thu Tinh

@book{tinh,
    auteur = {Vo, Thu Tinh},
	title = {La littérature orale et populaire du Viêt-Nam},
	url = {https://gallica.bnf.fr/ark:/12148/bpt6k3372794b.texteImage},
}

@misc{liu,
    auteur = {Gourgues, Jacques Michel},
    title = {Science, colonialisme et extraversion (histoire décoloniale de la science)},
    url = {https://scienceetbiencommun.pressbooks.pub/projetthese/chapter/la-responsabilite-sociale-des-chercheurs-et-des-universites/},
}




@book{nguyenvanky,
	location = {},
	title = {La société vietnamienne face à la modernité. Le Tonkin de la fin du XIXe sciècle à la seconde guerre mondiale},
	isbn = {2-7384-3203-4},
    pages = {71},
	publisher = {L'Harmattan},
	author = {Van Ky Nguyen},
	date = {1995},
}

@article{appro,
    author = {Apter, David},
     URL = {https://www.scientowiki.com/George_Sarton},
     journal = {Revue internationale des sciences sociales},
     number = {no. 2},
     pages = {pp. 7-19},
     title = {Une approche interdisciplinaire de l'interdisciplinarité},
     urldate = {DOI : https://doi.org/10.3917/riss.196.0007},
     volume = {vol. 196},
     year = {2010}
}

@misc{3ways,
	title = {{The spread of Western science on JSTOR}},
	url = {https://www.jstor.org/stable/1721413},
}

@article{tung,
	author = {Tung, Nguyen Dinh},
	journal = {Aséanie},
	month = {1},
	number = {1},
	pages = {135--149},
	publisher = {École française d'Extrême-Orient},
	title = {Langues, écritures et littératures au Viêt-nam},
	volume = {5},
	year = {2000},
	doi = {10.3406/asean.2000.1668},
	url = {https://doi.org/10.3406/asean.2000.1668},
}

@article{phil,
	author = {Philippe Bonnichon},
	title = {Missionnaires français dans la péninsule indochinoise
Leur apport au développement de la philosophie et des sciences naturelles},
	url = {https://www.academieoutremer.fr/wp-content/uploads/2022/04/Philippe-Bonnichon.pdf},
}

@misc{afri,
    auteur = {Gourgues, Jacques Michel},
    title = {Science, colonialisme et extraversion (histoire décoloniale de la science)},
    url = {https://scienceetbiencommun.pressbooks.pub/projetthese/chapter/la-responsabilite-sociale-des-chercheurs-et-des-universites/},
}

@article{bbu,
	author = {Régis, Bertrand,},
	journal = {Bulletin de liaison des sociétés savantes},
	number = {1},
	pages = {1},
	publisher = {Comité des travaux historiques et scientifiques},
	title = {compte rendu de la réunion des présidents de sociétés savantes},
	volume = {},
	year = {},
	doi = {},
	url = {https://cths.fr/an/liaison.php},
}

@book{kun,
	author = {Malherbe, Jean-François},
	title = {Thomas S. Kuhn, La structure des révolutions scientifiques},
	url = {https://www.persee.fr/doc/phlou_0035-3841_1974_num_72_15_5809_t1_0634_0000_2},
}

@book{truong,
	title = {Petit cours de géographie de la Basse-Cochinchine par P. J. B. Truong-vinh-Ký},
	url = {https://gallica.bnf.fr/ark:/12148/bpt6k58365329/f10.item},
}

@article{contribu,
	author = {Frances, Jean},
	journal = {Zilsel},
	number = {N°1},
	pages = {p. 325-333},
	volume = {},
	year = {207},
	title = {En science, l’important c’est de contribuer},
	url = {https://www.cairn.info/revue-zilsel-2017-1-page-325.htm},
}

@article{comite,
	title = {Comité des travaux historiques et scientifiques},
	url = {http://cths.fr/an/societe.php?id=100297&proso=y&soc_liees=},
}

@article{kraken,
	title = {Kaken's guide},
	url = {https://kraken.re/main/index.html},
}

@book{distant,
	author = {Franco Moretti},
    number = {1 edition, London},
	title = {Distant Reading},
    publisher = {Verso},
	date = {2013},
}
@article{escript,
	title = {eScriptorium},
	url = {https://escriptorium.paris.inria.fr/},

}


@book{sience,
	author = {Giard, Luce},
	journal = {Zilsel},
	number = {N°1},
	pages = {p. 325-333},
	volume = {},
	year = {2009},
	title = {L’ambiguïte du mot « science » et sa source latine, Rome et la science moderne : Entre Renaissance et Lumières},
	url = {DOI : https://doi.org/10.4000/books.efr.1923. },
    publisher = {Rome : Publications de l’École française de Rome}
}
 

@article{sarton,
 ISSN = {00211753, 15456994},
 URL = {http://www.jstor.org/stable/223804},
 author = {George Sarton},
 journal = {Isis},
 number = {1},
 pages = {3--46},
 publisher = {[The University of Chicago Press, The History of Science Society]},
 title = {L'Histoire de la Science},
 urldate = {2023-09-01},
 volume = {1},
 year = {1913}
}

@article{slave,
	title = {Voyages: The Trans-Atlantic Slave Trade Database},
	url = {https://www.slavevoyages.org/},

}

@article{visual,
	title = {Vistas: Visual Culture in Spanish America, 1520-1820},
	url = {https://vistas.ace.fordham.edu/},

}

@article{science,
	title = {Nahuatl/Nawat in Central America},
	url = {https://nahuatl-nawat.org/},

}

@book{khoa,
    author = {Dao Duy Anh},
	title = {Han Viet tu dien},
	year = {2001},
    page = {371},
	url = {https://archive.org/details/ebook-han-viet-tu-dien-phan-1-dao-duy-anh-993020/page/371/mode/2up},
}
@article{khoahoc,
	title = {Song khoa hoc la gi},
	url = {https://xaydungso.vn/blog/giai-thich-song-khoa-hoc-la-gi-va-nhung-cach-ap-dung-de-co-mot-cuoc-song-tot-hon-vi-cb.html},

}

@book{indo,
    author = {Brocheux, Pierre et Daniel Hémery} ,
    title = {Indochine, la colonisation ambiguë},
    publisher = {La Découverte},
    year = {2001 } 
}
@book{citation-key,
    author = {} ,
    title = {},
    publisher = {},
    year = {}
}
@article{bsei,
	author = {P.Huard et M.M. Durand},
	journal = {Bulletin de la société des études indochinoises},
	number = {3-4e trimestre},
	pages = {p.1},
	volume = {},
	year = {1963},
	title = {La science au Vietnam},
	url = {},
}
@book{klun,
    author = {Thomas S. Kuhn},
    title = {La structure des révolutions scientifiques},
    publisher = {Champs Flammarion},
    year = {1983}
}
@book{c,
    author = {Trinh Van Thao},
    title = {Vietnam du confucianisme au communisme},
    publisher = {L’Harmattan},
    year = {1990}, 
    location = {Paris}
}

@article{soci,
	author = {},
	journal = {Bulletin de la société des études indochinoises},
	number = {1-2e trimestre},
	pages = {},
	volume = {},
	year = {1903},
	title = {Rapport à M. le gouverneur général de l'indochine au sujet de la déclaration d'utilité publique de la société des études indochinoise},
	url = {},
}
@article{a,
	author = {},
	journal = {Bulletin de la société des études indochinoises},
	number = {2e trimestre},
	pages = {},
	volume = {},
	year = {1901},
	title = {Historique de la société des études indochinoises},
	url = {},
}
@article{ak,
	author = {François, Martine},
	title = {Les sociétés savantes et l’histoire des voyages et des explorations},
	url = {https://www.persee.fr/doc/acths_1764-7355_2008_act_130_4_1469},
}

@article{a,
	author = {},
	journal = {Bulletin de la société des études indochinoises},
	number = {2e trimestre},
	pages = {},
	volume = {},
	year = {1906},
	title = {Statut de la société},
	url = {},
}
%soci rapport-à-m-le-gouverneur-général-de-l-indochine-au-sujet-de-la-déclaration-d-utilité-publique-de-la-société-des-etudes-indochinoises_1903_semestre_1&2
%a  historique-de-la-société-des-etudes-indochinoises_1901_semestre_2

@article{dba2dabd-18fa-3061-bbe2-ccdf59c06287,
 ISSN = {00368075, 10959203},
 URL = {http://www.jstor.org/stable/1721413},
 author = {George Basalla},
 journal = {Science},
 number = {3775},
 pages = {611--622},
 publisher = {American Association for the Advancement of Science},
 title = {The Spread of Western Science},
 urldate = {2023-09-21},
 volume = {156},
 year = {1967}
}

@book{ball,
	author = {Jacques Michel Gourgues, La Direction De Florence Piron Et Élisabeth Arsenault, Sous},
	title = {Guide décolonisé et pluriversel de formation à la recherche en sciences sociales et humaines},
    pages = {Chapitre 1},
    publisher = {Editons science et bien commun},
    year = {1990}, 
    location = {Paris},
}

@article{al,
	author = {},
	journal = {Comité des travaux historiques et scientifiques},
	number = {},
	pages = {},
	volume = {},
	year = {1906},
	title = {Société médico-chirurgicale de l'Indochine – HANOÏ},
	url = {http://cths.fr/an/societe.php?id=100797},
}

@article{ab,
	author = {},
	journal = {Comité des travaux historiques et scientifiques},
	title = {Société médicale de Saigon – SAIGON},
	url = {http://cths.fr/an/societe.php?id=4979},
}

@article{tribu,
	author = {},
	journal = {The journal of Polysneian socity},
	url = {https://www.jps.auckland.ac.nz/index.php},
}

@book{nguyenvanky,
	location = {},
	title = {La société vietnamienne face à la modernité. Le Tonkin de la fin du XIXe sciècle à la seconde guerre mondiale},
	isbn = {2-7384-3203-4},
    pages = {71},
	publisher = {L'Harmattan},
	author = {Van Ky Nguyen},
	date = {1995},
}

@article{colon,
	author = {Nguyen, Phuong Ngoc},
	journal = {Comité des travaux historiques et scientifiques},
	title = {La science importée In : À l’origine de l’anthropologie au Vietnam : Recherche sur les auteurs de la première moitié du XXe siècle},
    publish = {Aix-en-Provence : Presses universitaires de Provence, 2012},
	url = {http://books.openedition.org/pup/22094>. ISBN : 9791036561221. DOI : https://doi.org/10.4000/books.pup.22094},
}

@article{bseik,
	author = {},
	journal = {Bulletin de la société des études indochinoises},
	number = {2e trimestre},
	pages = {},
	volume = {},
	year = {1906},
	title = {Statut de la société},
	url = {},
}

@article{nana,
	author = {},
	journal = {Nahuatl/Nawat in Central America},
	url = {https://nahuatl-nawat.org/},
}
bum
alkd


@article{bum,
	author = {},
	journal = {Comité des travaux historiques et scientifiques},
	number = {Numéro 1},
	pages = {},
	volume = {},
	year = {},
	title = {Bulletin de liaison des sociétés savantes},
	url = {https://cths.fr/an/liaison.php},
}

@article{alkd,
	author = {GUILLOT Muriel, ROSELLO Jocelyne},
	journal = {Recherche en soins infirmiers},
	number = {numéro 92},
	pages = {3-4},
	volume = {},
	year = {2008/1},
	title = {https://www.cairn.info/revue-recherche-en-soins-infirmiers-2008-1-page-3.htm  ?},
	url = {},
}

@article{truong,
	title = {Petit cours de géographie de la Basse-Cochinchine par P. J. B. Truong-vinh-Ký},
	url = {https://gallica.bnf.fr/ark:/12148/bpt6k58365329/f10.item},
}
 @article{ball,
 ISSN = {00368075, 10959203},
 URL = {http://www.jstor.org/stable/1721413},
 author = {George Basalla},
 journal = {Science},
 number = {3775},
 pages = {611--622},
 publisher = {American Association for the Advancement of Science},
 title = {The Spread of Western Science},
 urldate = {2023-09-21},
 volume = {156},
 year = {1967}
}


 @article{vietnam,
 ISSN = {00368075, 10959203},
 URL = {http://www.jstor.org/stable/1721413},
 author = {Jean Rispaud},
 journal = {Revue française d'histoire d'outre mer},
 number = {},
 pages = {163-165},
 publisher = {},
 title = {Un curieux problème historique : Les origines du nom Viêt-nam },
 urldate = {2023-09-10},
 year = {1959}
}

@article{inter,
	author = {},
	journal = {Bulletin de la société des études indochinoises},
	number = {2e trimestre},
	pages = {},
	volume = {},
	year = {1896},
	title = {Statut de la société},
	url = {},
}
duong

@article{duong,
	author = {Emmanuelle Affidi},
	journal = {These de doctorat},
	number = {2e trimestre},
	pages = {},
	volume = {},
	year = {2006},
	title = {Dông Duong Tap chi (1913-1919), une tentative de diffusion du discours et de la science de l'occident au Tonkin : l'interculturalité, un enjeu colonial entre savoir et pouvoir (1906-1936)},
	url = {https://www.theses.fr/2006PA070004},
}

@article{feli,
	author = {Louis Malleret},
	journal = {Bulletin de la société des études indochinoises},
	number = {},
	pages = {},
	volume = {},
	year = {1952},
	title = {Message de l’École française d’Extrême orient à la société des études indochinoises},
	url = {},
}


@article{societe,
	author = {Raphaël Barquissau},
	journal = {Bulletin de la société des études indochinoises},
	year = {1933},
	title = {La société des études indochinoises},
	url = {},
}

@article{collection,
	author = {Jean Bouchot},
	journal = {Bulletin de la société des études indochinoises},
	year = {Janvier 1931},
	title = {Le mussée Blanchard de la brosse à Saigon},
	url = {},
}
@article{bouchot,
	journal = {L'Avenir du Tonkin},
	year = {18 Mars 1929},
	title = {Cochinchine Saigon},
	url = {},
}

@article{societe,
	journal = {Bulletin de la société des études indochinoises},
	year = {1933},
	title = {Les musées de la société des études indochinoises},
	url = {},
}
@article{bilo,
	journal = {Bulletin de la société des études indochinoises},
	year = {1933},
	title = {La bibliothèque de la société des études indochinoises},
	url = {},
}
@article{fin,
	journal = {Bulletin de la société des études indochinoises},
	year = {1975},
	title = {Société des études indochinoises, reconnu d'utilité publique},
	url = {},
}

@article{partage,
	journal = {Bibliothèque nationale de France},
	year = {},
	title = {Projet Patrimoines partagés, France -Vietnam},
	url = {https://www.bnf.fr/fr/france-vietnam},
}

@article{bibli,
	year = {2019-2024},
	title = {projet Vietnamica},
	url = {https://vietnamica.online/},
}

@article{change,
    author = {Président M. Berland},
	journal = {Bulletin de la société des études indochinoises},
	year = {19 Janvier 1947},
	title = {Projet de modifications aux statuts approuvé par l’Assemblée Générale annuelle},
	url = {},
}

@article{moral,
    author = {Président M. Berland},
	journal = {Bulletin de la société des études indochinoises},
	year = {1947},
	title = {Rapport moral},
	url = {},
}
@article{moral1,
    author = {Président M. Berland},
	journal = {Bulletin de la société des études indochinoises},
	year = {1945},
	title = {Rapport moral},
	url = {},
}

